%
% \file references.bib
%
% Copyright (C) 2024 by Federal University of Santa Catarina.
%
% Title
%
% This work is licensed under the "Creative Commons Attribution-ShareAlike 4.0 International" License.
% To view a copy of this license, visit http://creativecommons.org/licenses/by-sa/4.0/.
%
% \brief
%
% \details
%
% \author Jo{\~a}o Cl{\'a}udio Elsen Barcellos <joao.barcellos[at].ifsc.edu.br>
% \version 0.0.0
%
% \date 03/03/2024
%

@book{forbellone2005,
  title     = {L{\'o}gica de Programa{\c{c}}{\~a}o: A Constru{\c{c}}{\~a}o de Algoritmos e Estruturas de Dados},
  author    = {Forbellone, A.L.V. and Ebersp{\"a}cher, H.F.},
  isbn      = {9788576050247},
  url       = {https://books.google.com.br/books?id=L5b4AwAACAAJ},
  year      = {2005},
  publisher = {Pearson Education do Brasil Ltda.}
}